@Misc{www-opensourceconn,
  author       = {Doug Turnbull},
  title        = {Search Relevance Definition},
  howpublished = {web page},
  month        = jun,
  year         = {2014},
  url          = {http://opensourceconnections.com/blog/2014/06/10/what-is-search-relevancy/},
}
@Misc{www-homeDepo,
  title        = {Home Depot Search Relevance},
  howpublished = {webpage},
  year         = {2016},
  url          = {https://www.kaggle.com/c/home-depot-product-search-relevance},
}
@Misc{www-homeDepoData,
  title        = {Home Depot Search Relevance Datasets},
  howpublished = {Web Page},
  year         = {2016},
}
@Misc{www-wikiLine,
  title        = {Wiki page of Line chart},
  howpublished = {Web Page},
  url          = {https://en.wikipedia.org/wiki/Line_chart},
}
@Misc{www-wikiHisto,
  title        = {Wiki page of Histogram},
  howpublished = {Web Page},
  url          = {https://en.wikipedia.org/wiki/Histogram},
}
@Misc{www-wikiTagCloud,
  title        = {Wiki Page of Tag Cloud},
  howpublished = {Web Page},
  url          = {https://en.wikipedia.org/wiki/Tag_cloud},
}
@Misc{www-wikiPie,
  title        = {Wiki Page of Pie chart},
  howpublished = {Web Page},
  url          = {https://en.wikipedia.org/wiki/Pie_chart},
}
@Misc{www-wikiScatter,
  title        = {Wiki Page of Scatter Plot},
  howpublished = {Web Page},
  url          = {https://en.wikipedia.org/wiki/Scatter_plot},
}
@Misc{www-bootstrapAggre,
  title        = {Wiki Page of Bootstrap Aggregation (Bagging) Algorithm},
  howpublished = {Web Page},
  url          = {https://en.wikipedia.org/wiki/Bootstrap_aggregating},
}
@Misc{www-wikiDecisionTree,
  title        = {Wiki Page of Decision Tree},
  howpublished = {Web Page},
  url          = {https://en.wikipedia.org/wiki/Decision_tree_learning},
}
@Misc{www-stemming,
  title        = {Python Stemming package and usage},
  howpublished = {Web Page},
  url          = {https://pypi.python.org/pypi/stemming/1.0},
}





