@Misc{www-kaggle,
  title        = {Dataset},
  howpublished = {Webpage},
  url          = {https://www.kaggle.com/worldbank/world-development-indicators},
}

@Misc{www-image,
  author       = {Lj Miranda},
  title        = {Energy Consumption Statistics},
  howpublished = {Webpage},
  url          = {https://www.kaggle.com/ljvmiranda/d/worldbank/world-development-indicators/philippines-energy-use-climate-action},
}

@Misc{www-python,
  author       = {Kunal Jain},
  title        = {Tutorial for Datascience with python},
  howpublished = {Webpage Article},
  month        = jan,
  year         = {2016},
  url          = {https://www.analyticsvidhya.com/blog/2016/01/complete-tutorial-learn-data-science-python-scratch-2/},
}

@Misc{www-libs,
  author       = {Sharon Machlis},
  title        = {R packages},
  howpublished = {Webpage Article},
  month        = jul,
  year         = {2016},
  url          = {http://www.computerworld.com/article/2921176/business-intelligence/great-r-packages-for-data-import-wrangling-visualization.html},
}